01REMESSA01COBRANCA       12345000012345      EMPRESA TESTE LTDA            756BANCOOBCED     3007190000001                                                                                                                                                                                                                                                                                               000001
1023477631100016912345    12345000000                         0000000000110100       0000000000           01010000000001011219       150053756123450113007190000010000010000                    0000000000000          00001   68768241364CLIENTE 1                               RUA DE TESTE                         BAIRRO DE TESTE74010010GOIANIA        GO                                           000002
1023477631100016912345    12345000000                         0000000000290100       0000000000           01010000000002011219      1335016756123450113007190000010000010000                    0000000000000          0000239227178000105CLIENTE 2                               RUA DE TESTE 2                       BAIRRO DE TESTE04180112SAO PAULO      SP                                           000003
9                                                                                                                                                                                                                                                                                                                                                                                                         000004
