75600000         212345678901234                    00000100000000123450EMPRESA TESTE LTDA            SICOOB                                  10302202018220700000108100000                                                                     
75600011R01  040 2123456789012340                    0000010000000012345 EMPRESA TESTE LTDA                                                                                            000000010302202000000000                                 
7560001300001P 010000010000000012345 000000001601014     10 220000000000000010112201900000000015005300000 02N0302202000112201900000000000000100000000000000000000000000000000000000000000000000000000000000000000000000000013000   090000000000 
7560001300002Q 011000068768241364CLIENTE 1                               RUA DE TESTE                            BAIRRO DE TESTE74010010GOIANIA        GO1000000000000000                                        00000000000000000000000        
7560001300003P 010000010000000012345 000000002301014     10 220000000000000020112201900000000133501600000 02N0302202000112201900000000000000100000000000000000000000000000000000000000000000000000000000000000000000000000023000   090000000000 
7560001300004Q 012039227178000105CLIENTE 2                               RUA DE TESTE 2                          BAIRRO DE TESTE04180112SAO PAULO      SP1000000000000000                                        00000000000000000000000        
75600015         00000500000200000000001485069000000000000000000000000000000000000000000000000000000000000000000000                                                                                                                             
75699999         000001000005000000                                                                                                                                                                                                             